% Add the references below. You need to run bibtex and then latex
%  over the report to see the updated references.

% Authors are alphabetized by last names.  When an author is an institutions,
%  the name is enclosed in curly brackets to force alphabetizing by the
%  first letter of the name , e.g., {American Mathematical Society}, as in
%  an entry below.

@MISC{JC,
    AUTHOR ={ {Jabre Capital} },
     TITLE ={{\em Investment Strategies}},
      NOTE = {$\langle$\texttt{http://www.jabcap.com/strategies.html}.  Accessed November 04, 2012.}
 PUBLISHER = {Jabre Capital},
} 

@MISC{IM,
    AUTHOR ={ {Inside Money} },
     TITLE ={{\em Jabre Capital Holdings}},
      NOTE = {$\langle$\texttt{http://www.insidermonkey.com/hedge-fund/
jabre+capital+partners/98/holdings/}.  Accessed November 04, 2012. }
 PUBLISHER = {Inside Monkey},
} 

@MISC{FY,
    AUTHOR ={ {Finance Yahoo} },
     TITLE ={{\em Historical Price of Certain Stocks}},
      NOTE = {$\langle$\texttt{http://finance.yahoo.com}.  Accessed November 04, 2012. },
 PUBLISHER = {Finance Yahoo},
} 

%@MISC{FY,
%    AUTHOR = {{Finance Yahoo}},
%     TITLE = {{\em Historical Price of Certain Stocks}},
%      NOTE = {$\langle$\texttt{http://finance.yahoo.com},
%}
%
%
%@MISC{IM,
%   AUTHOR ={ {Inside Money} },
%     TITLE ={{\em Jabre Capital Holdings}},
%      NOTE = {$\langle$\texttt{www.insidermonkey.com/hedge-fund/jabre+capital+partners/98/holdings/}.  Accessed November 04, 2012. \\ \\ Jabre Capital's holdings from quarter to quarter},
% PUBLISHER = {Jabre Capital},
%}

@BOOK{Jolliffe,
    title = {Principal Component Analysis},
    editor = {},
    author = { I.~ T.~ Jolliffe },
    publisher = {Springer},
    year = {2002},
    %Note = {\\ \\ A standard textbook on astrodynamics. It provided a reference for orbital mechanics and satellite propagation.}
}

@BOOK{Afifi,
    author = {Afifi and Abdelmonem},
    editor = {},
    title = {Practical Multivariate Analysis},
    publisher = {Chapman and Hall},
    year = {2012},
  %  Note = {\\ \\ Focuses on a few of the most important clustering
        algorithms, providing also some useful optimization techniques for
            high-dimensional objective functions.}
}


@ARTICLE{usc,
	author = {Noel Amenc and Lionel Martellini },
	title ={Portfolio {O}ptimization and {H}edge {F}und {S}tyle {A}llocation {D}ecisions},
	journal = {USC FBE Working Paper No. 02-4 },
	year = {2002},
%	note = {\\ \\ Outlines a smallest circle algorithm that runs in linear time using recursion.}
}


@ARTICLE{im,
	author = {Ilhan Meric, Larry Prober, Benjamin Eichhorn and Gulser Meric},
	title ={A {P}rincipal {C}omponents {A}nalysis of the {P}ortfolio {D}iversification
{B}enefits of {I}nvesting in {E}merging {S}tock {M}arkets},
	journal ={Middle Eastern Finance and Economics},
	year = 2009,
%	NOTE = {\\ \\ Gives a thorough background to projective geometry and vertical perspective projection. This includes details about calculating projections using homogeneous coordinates and projection matrices.},
}

@ARTICLE{Carol,
	author = {Carol Alexander and Anca Dimitriu},
	title ={{S}ources of {O}ver-{P}erfomance in {E}quity {M}arkets:{M}ean {R}eversion, {C}ommon {T}rends, and {Herding} },
	journal = "ISMA Center Discussion Papers in Finance",
	year = 2003,
%	NOTE = {\\ \\ Gives a thorough background to projective geometry and vertical perspective projection. This includes details about calculating projections using homogeneous coordinates and projection matrices.},
}